
@InProceedings{	  Ahmed.Aly.Gonzalez.ea.2012,
  title		= {Scalable inference in latent variable models},
  author	= {Ahmed, Amr and Aly, Moahmed and Gonzalez, Joseph and
		  Narayanamurthy, Shravan and Smola, Alexander J},
  booktitle	= {Proceedings of the fifth ACM international conference on
		  Web search and data mining},
  pages		= {123--132},
  year		= {2012},
  organization	= {ACM}
}

@Article{	  Aji.McEliece.2000,
  title		= {The generalized distributive law},
  author	= {Aji, Srinivas M and McEliece, Robert J},
  journal	= {IEEE transactions on Information Theory},
  volume	= {46},
  number	= {2},
  pages		= {325--343},
  year		= {2000},
  publisher	= {IEEE}
}